<?xml version="1.0" encoding="UTF-8"?>
<record xmlns="http://www.loc.gov/MARC21/slim">
   <leader>01674cam a2200337Ia 4500</leader>
   <controlfield tag="001">6544352</controlfield>
   <controlfield tag="003">NjP</controlfield>
   <controlfield tag="005">20190319173821.0</controlfield>
   <controlfield tag="008">880722s1975    ir ah    b    001 0 arard</controlfield>
   <datafield tag="024" ind1="7" ind2=" ">
      <subfield code="a">princeton_aco004206</subfield>
      <subfield code="2">local</subfield>
   </datafield>
   <datafield ind1=" " ind2=" " tag="035">
      <subfield code="a">(OCoLC)ocm18259016</subfield>
   </datafield>
   <datafield ind1=" " ind2=" " tag="040">
      <subfield code="a">WAU</subfield>
      <subfield code="c">WAU</subfield>
      <subfield code="d">OSU</subfield>
      <subfield code="d">GZM</subfield>
      <subfield code="d">OCLCG</subfield>
   </datafield>
   <datafield ind1=" " ind2=" " tag="035">
      <subfield code="a">(OCoLC)18259016</subfield>
   </datafield>
   <datafield ind1="0" ind2=" " tag="041">
      <subfield code="a">ara</subfield>
      <subfield code="b">perfre</subfield>
   </datafield>
   <datafield ind1=" " ind2="4" tag="050">
      <subfield code="a">BP189.26</subfield>
      <subfield code="b">.I265</subfield>
   </datafield>
   <datafield ind1=" " ind2=" " tag="049">
      <subfield code="a">PULL</subfield>
   </datafield>
   <datafield ind1="1" ind2=" " tag="100">
      <subfield code="a">Āmulī, Ḥaydar ibn ʻAlī,</subfield>
      <subfield code="d">active 14th century.</subfield>
      <subfield code="0">http://id.loc.gov/authorities/names/n88638122</subfield>
   </datafield>
   <datafield ind1="1" ind2="3" tag="245">
      <subfield code="a">al-Muqaddamāt min kitāb Naṣṣ al-nuṣūṣ fī sharḥ Fuṣūṣ al-ḥikam li-Muḥyī al-Dīn ibn al-ʻArabī /</subfield>
      <subfield code="c">az taṣnīfāt-i Ḥaydar Āmulī ; bā taṣḥiḥāt va daw muqaddamah va fihristʹhā Hanrī Kurbīn va ʻUs̲mān Ismāʻīl Yaḥyā.</subfield>
   </datafield>
   <datafield ind1="1" ind2="4" tag="246">
      <subfield code="a">Texte des textes</subfield>
   </datafield>
   <datafield ind1=" " ind2=" " tag="260">
      <subfield code="a">Ṭihrān :</subfield>
      <subfield code="b">Qismat-i Īrānshināsī-i Instītū Īrān va Farānsah,</subfield>
      <subfield code="c">1353 [1975]</subfield>
   </datafield>
   <datafield ind1=" " ind2=" " tag="300">
      <subfield code="a">v. :</subfield>
      <subfield code="b">ill., tables, facsims. ;</subfield>
      <subfield code="c">26 cm.</subfield>
   </datafield>
   <datafield ind1="1" ind2=" " tag="490">
      <subfield code="a">Ganjīnah-ʼi nivishtahʹhā-yi Īrānī ;</subfield>
      <subfield code="v">22</subfield>
   </datafield>
   <datafield ind1=" " ind2=" " tag="546">
      <subfield code="a">Text in Arabic; introductions in Persian and French.</subfield>
   </datafield>
   <datafield ind1=" " ind2=" " tag="504">
      <subfield code="a">Includes bibliographical references and indexes.</subfield>
   </datafield>
   <datafield ind1=" " ind2="0" tag="650">
      <subfield code="a">Sufism</subfield>
      <subfield code="v">Early works to 1800.</subfield>
      <subfield code="0">http://id.loc.gov/authorities/subjects/sh2008112367</subfield>
   </datafield>
   <datafield ind1=" " ind2="0" tag="650">
      <subfield code="a">Shīʻah</subfield>
      <subfield code="x">Doctrines.</subfield>
      <subfield code="0">http://id.loc.gov/authorities/subjects/sh85121391</subfield>
   </datafield>
   <datafield ind1="0" ind2="0" tag="600">
      <subfield code="a">Ibn al-ʻArabī,</subfield>
      <subfield code="d">1165-1240.</subfield>
      <subfield code="t">Fuṣūṣ al-ḥikam.</subfield>
   </datafield>
   <datafield ind1="1" ind2=" " tag="700">
      <subfield code="a">Corbin, Henry.</subfield>
   </datafield>
   <datafield ind1="1" ind2=" " tag="700">
      <subfield code="a">Yaḥyá, ʻUthmān.</subfield>
   </datafield>
   <datafield ind1="0" ind2=" " tag="700">
      <subfield code="a">Ibn al-ʻArabī,</subfield>
      <subfield code="d">1165-1240.</subfield>
      <subfield code="0">http://id.loc.gov/authorities/names/n50082069</subfield>
   </datafield>
   <datafield ind1=" " ind2="0" tag="830">
      <subfield code="a">Bibliothèque iranienne ;</subfield>
      <subfield code="v">22.</subfield>
   </datafield>
   <datafield ind1=" " ind2=" " tag="994">
      <subfield code="a">C0</subfield>
      <subfield code="b">PUL</subfield>
   </datafield>
   <datafield ind1=" " ind2=" " tag="902">
      <subfield code="a">jab</subfield>
      <subfield code="b">r</subfield>
      <subfield code="6">a</subfield>
      <subfield code="7">m</subfield>
      <subfield code="d">v</subfield>
      <subfield code="f">0</subfield>
      <subfield code="e">20110429</subfield>
   </datafield>
   <datafield ind1="8" ind2=" " tag="852">
      <subfield code="0">6511124</subfield>
      <subfield code="b">rcppa</subfield>
      <subfield code="h">2264.11368 1975</subfield>
      <subfield code="x">tr fr f</subfield>
   </datafield>
   <datafield ind1=" " ind2=" " tag="959">
      <subfield code="a">2011-04-29 09:39:44 -0500</subfield>
   </datafield>
</record>
